@inproceedings{cheng2015building,
  title={Building a big data platform for smart cities: Experience and lessons from santander},
  author={Cheng, Bin and Longo, Salvatore and Cirillo, Flavio and Bauer, Martin and Kovacs, Ernoe},
  booktitle={2015 IEEE International Congress on Big Data},
  pages={592--599},
  year={2015},
  organization={IEEE}
}