@inproceedings{cheng2015building,
  title={Building a big data platform for smart cities: Experience and lessons from santander},
  author={Cheng, Bin and Longo, Salvatore and Cirillo, Flavio and Bauer, Martin and Kovacs, Ernoe},
  booktitle={2015 IEEE International Congress on Big Data},
  pages={592--599},
  year={2015},
  organization={IEEE}
}
@inbook{inbook,
author = {Patel, M.B. and Bhatt, Chintan and Vahdat Nejad, Hamed and Patel, H.B.},
year = {2018},
month = {04},
pages = {240-263},
title = {Smart city based on MQTT using wireless sensors},
journal = {Protocols and Applications for the Industrial Internet of Things},
doi = {10.4018/978-1-5225-3805-9.ch009}
}