@inproceedings{test2,
  title={This is a test},
  author={Cheng, Bin and Longo, Salvatore and Cirillo, Flavio and Bauer, Martin and Kovacs, Ernoe},
  booktitle={2015 IEEE International Congress on Big Data},
  pages={592--599},
  year={2015},
  organization={IEEE}
}