@article{washburn2009helping,
  title={Helping CIOs understand “smart city” initiatives},
  author={Washburn, Doug and Sindhu, Usman and Balaouras, Stephanie and Dines, Rachel A and Hayes, N and Nelson, Lauren E},
  journal={Growth},
  volume={17},
  number={2},
  pages={1--17},
  year={2009}
}


@inproceedings{nam2011conceptualizing,
  title={Conceptualizing smart city with dimensions of technology, people, and institutions},
  author={Nam, Taewoo and Pardo, Theresa A},
  booktitle={Proceedings of the 12th annual international digital government research conference: digital government innovation in challenging times},
  pages={282--291},
  year={2011}
}

@inproceedings{zabasta2018mqtt,
  title={MQTT Service Broker for Enabling the Interoperability of Smart City Systems},
  author={Zabasta, Anatolijs and Kunicina, Nadezda and Kondratjevs, Kaspars and Patlins, Antons and Ribickis, Leonids and Delsing, Jerker},
  booktitle={2018 Energy and Sustainability for Small Developing Economies (ES2DE)},
  pages={1--6},
  year={2018},
  organization={IEEE}
}

@phdthesis{sporny2019json,
  title={JSON-LD 1.1--a JSON-based serialization for Linked Data},
  author={Sporny, Manu and Longley, Dave and Kellogg, Gregg and Lanthaler, Markus and Champin, Pierre-Antoine and Lindstr{\"o}m, Niklas},
  year={2019},
  school={W3C}
}

@book{ferguson1998quality,
  title={Quality of service: delivering QoS on the Internet and in corporate networks},
  author={Ferguson, Paul and Huston, Geoff},
  year={1998},
  publisher={John Wiley \& Sons, Inc.}
}

