@inproceedings{cheng2015building,
  title={Building a big data platform for smart cities: Experience and lessons from santander},
  author={Cheng, Bin and Longo, Salvatore and Cirillo, Flavio and Bauer, Martin and Kovacs, Ernoe},
  booktitle={2015 IEEE International Congress on Big Data},
  pages={592--599},
  year={2015},
  organization={IEEE}
}
@BOOK{Sommer2013,
	AUTHOR = {Sommer, Gerald AND Krüger, Norbert AND Perwass, Christian},
	YEAR = {2013},
	TITLE = {Mustererkennung 2000 - 22. DAGM-Symposium. Kiel, 13.–15. September 2000},
	EDITION = {},
	ISBN = {978-3-642-59802-9},
	PUBLISHER = {Springer-Verlag},
	ADDRESS = {Berlin Heidelberg New York},
}
@online{Courtney2019,
    author    = "Courtney Kennedy, Farnell",
    title     = "Gestensteuerung: Don't touch this",
    url       = "https://www.elektroniknet.de/elektronik/distribution/don-t-touch-this-168250.html",
    addendum = "(accessed: 27.05.2020)"
}
@book{robertson2012mastering,
  title={Mastering the Requirements Process: Getting Requirements Right},
  author={Robertson, S. and Robertson, J.},
  isbn={9780132942843},
  url={https://books.google.de/books?id=yE91LgrpaHsC},
  year={2012},
  publisher={Pearson Education}
}
@ARTICLE{6365165,
  author={L. {Chen} and M. {Ali Babar} and B. {Nuseibeh}},
  journal={IEEE Software}, 
  title={Characterizing Architecturally Significant Requirements},
  year={2013},
  volume={30},
  number={2},
  pages={38-45}
}
@online{statista2019,
    author    = {The Insight Partners},
    title     = {Global biometric technologies market revenue from 2018 to 2027 (in billion U.S. dollars)},
    url       = {https://www.statista.com/statistics/1048705/worldwide-biometrics-market-revenue/},
    year    = {2019},
    addendum = {(accessed: 30.06.2020)}
}
@book{keiser2015gestensteuerung,
  title={Gestensteuerung im Pflegeumfeld -- Das Projekt GeniAAL: Grundlagen, Anwendungsfelder, Technologien und Erfahrungen},
  author={Keiser, T. and H{\"o}{\ss}, O. and Klein, B. and Neuh{\"u}ttler, J. and Schneider, H. and Vetter, T.},
  isbn={9783734769658},
  url={https://books.google.de/books?id=qerVBgAAQBAJ},
  year={2015},
  publisher={Books on Demand}
}
@INPROCEEDINGS{medical1,
  author={H. {Zhao} and S. {Wang} and G. {Zhou} and D. {Zhang}},
  booktitle={2017 IEEE/ACM International Conference on Connected Health: Applications, Systems and Engineering Technologies (CHASE)}, 
  title={Gesture-Enabled Remote Control for Healthcare}, 
  year={2017},
  volume={},
  number={},
  pages={392-401}
}
@article{wachs2008gesture,
  title={A gesture-based tool for sterile browsing of radiology images},
  author={Wachs, Juan P and Stern, Helman I and Edan, Yael and Gillam, Michael and Handler, Jon and Feied, Craig and Smith, Mark},
  journal={Journal of the American Medical Informatics Association},
  volume={15},
  number={3},
  pages={321--323},
  year={2008},
  publisher={BMJ Group BMA House, Tavistock Square, London, WC1H 9JR}
}
@misc{simonyan2014deep,
    title={Very Deep Convolutional Networks for Large-Scale Image Recognition},
    author={Karen Simonyan and Andrew Zisserman},
    year={2014},
    eprint={1409.1556},
    archivePrefix={arXiv},
    primaryClass={cs.CV}
}
@online{Becker2019,
    author    = {Roland Becker},
    title     = {Convolutional Neuronal Networks – Aufbau, Funktion und Anwendungsgebiete},
    url       = {https://jaai.de/convolutional-neural-networks-cnn-aufbau-funktion-und-anwendungsgebiete-1691/},
    year    = {2019},
    addendum = {(accessed: 27.05.2020)}
}
@online{Hassan2018,
    author    = {Muneeb ul Hassan},
    title     = {VGG16 – Convolutional Network for Classification and Detection},
    url       = {https://neurohive.io/en/popular-networks/vgg16/#pll_switcher},
    year    = {2018},
    addendum = {(accessed: 28.06.2020)}
}
@online{Brenner2018,
    author    = {Brenner Heintz},
    title     = {Training a Neural Network to Detect Gestures with OpenCV in Python: How I built Microsoft Kinect-like functionality with just a webcam and a dream.},
    url       = {https://towardsdatascience.com/training-a-neural-network-to-detect-gestures-with-opencv-in-python-e09b0a12bdf1},
    year    = {2018},
    addendum = {(accessed: 01.07.2020)}
}
@online{Harrington2018,
    author    = {Benen Harrington},
    title     = {Hand Gesture Recognition Database with CNN.},
    url       = {https://www.kaggle.com/benenharrington/hand-gesture-recognition-database-with-cnn/notebook},
    year    = {2018},
    addendum = {(accessed: 01.07.2020)}
}
